<record><leader>00000cas a22000007a 4500</leader><controlfield tag="001">51961587</controlfield><controlfield tag="008">030402c20039999utudr ne      0   a0eng c</controlfield><datafield ind1=" " ind2=" " tag="010"><subfield code="a">  2003214277</subfield></datafield><datafield ind1=" " ind2=" " tag="040"><subfield code="a">UV$</subfield><subfield code="b">eng</subfield><subfield code="c">UV$</subfield><subfield code="d">NSD</subfield><subfield code="d">DLC</subfield><subfield code="d">CUS</subfield><subfield code="d">NSD</subfield><subfield code="d">DLC</subfield><subfield code="d">OCLCQ</subfield><subfield code="d">OCLCF</subfield></datafield><datafield ind1=" " ind2=" " tag="012"><subfield code="m">y</subfield></datafield><datafield ind1="0" ind2=" " tag="022"><subfield code="a">1545-5939</subfield><subfield code="l">1545-5939</subfield><subfield code="y">0745-4724</subfield><subfield code="2">1</subfield></datafield><datafield ind1="1" ind2=" " tag="029"><subfield code="a">AU@</subfield><subfield code="b">000024792456</subfield></datafield><datafield ind1="1" ind2=" " tag="029"><subfield code="a">NZ1</subfield><subfield code="b">16074306</subfield></datafield><datafield ind1=" " ind2=" " tag="032"><subfield code="a">154960</subfield><subfield code="b">USPS</subfield></datafield><datafield ind1=" " ind2=" " tag="037"><subfield code="b">Deseret News Pub. Co., 30 East 100 South, P.O. Box 1257, Salt Lake City, Utah 84111</subfield></datafield><datafield ind1=" " ind2=" " tag="042"><subfield code="a">nsdp</subfield><subfield code="a">pcc</subfield></datafield><datafield ind1=" " ind2=" " tag="043"><subfield code="a">n-us-ut</subfield></datafield><datafield ind1="0" ind2="0" tag="050"><subfield code="a">Newspaper</subfield></datafield><datafield ind1=" " ind2="0" tag="222"><subfield code="a">Deseret morning news</subfield></datafield><datafield ind1="0" ind2="0" tag="245"><subfield code="a">Deseret morning news.</subfield></datafield><datafield ind1="1" ind2="3" tag="246"><subfield code="a">Deseret news</subfield><subfield code="f">&lt;2008-&gt;</subfield></datafield><datafield ind1=" " ind2=" " tag="260"><subfield code="a">Salt Lake City, Utah :</subfield><subfield code="b">Deseret News Pub. Co.,</subfield><subfield code="c">c2003-</subfield></datafield><datafield ind1=" " ind2=" " tag="300"><subfield code="a">v. :</subfield><subfield code="b">ill. ;</subfield><subfield code="c">58 cm.</subfield></datafield><datafield ind1=" " ind2=" " tag="310"><subfield code="a">Daily</subfield></datafield><datafield ind1="1" ind2=" " tag="362"><subfield code="a">Began in 2003.</subfield></datafield><datafield ind1=" " ind2=" " tag="500"><subfield code="a">"Metro edition."</subfield></datafield><datafield ind1=" " ind2=" " tag="530"><subfield code="a">Also issued in an online version.</subfield></datafield><datafield ind1=" " ind2=" " tag="580"><subfield code="a">Absorbs afternoon weekday ed. with June 9, 2003 issue: Deseret news (Salt Lake City, Utah : 1964).</subfield></datafield><datafield ind1=" " ind2=" " tag="588"><subfield code="a">Description based on: Vol. 153, no. 291 (Apr. 1, 2003).</subfield></datafield><datafield ind1=" " ind2=" " tag="588"><subfield code="a">Latest issue consulted: Nov. 20, 2008.</subfield></datafield><datafield ind1=" " ind2="0" tag="651"><subfield code="a">Salt Lake City (Utah)</subfield><subfield code="v">Newspapers.</subfield></datafield><datafield ind1=" " ind2="7" tag="655"><subfield code="a">Newspapers.</subfield><subfield code="2">fast</subfield><subfield code="0">(OCoLC)fst01423814</subfield></datafield><datafield ind1=" " ind2="7" tag="651"><subfield code="a">Utah</subfield><subfield code="z">Salt Lake City.</subfield><subfield code="2">fast</subfield><subfield code="0">(OCoLC)fst01205314</subfield></datafield><datafield ind1=" " ind2=" " tag="752"><subfield code="a">United States</subfield><subfield code="b">Utah</subfield><subfield code="c">Salt Lake</subfield><subfield code="d">Salt Lake City.</subfield></datafield><datafield ind1="0" ind2="8" tag="776"><subfield code="i">Online version:</subfield><subfield code="t">Deseret morning news (Online)</subfield><subfield code="x">1545-5939</subfield><subfield code="w">(OCoLC)173421383</subfield></datafield><datafield ind1="1" ind2="5" tag="780"><subfield code="t">Deseret news (Salt Lake City, Utah : 1964)</subfield><subfield code="x">0745-4724</subfield><subfield code="w">(DLC)sn 83001690</subfield><subfield code="w">(OCoLC)9198605</subfield></datafield><datafield ind1="4" ind2="1" tag="856"><subfield code="u">http://www.lexisnexis.com/us/lnacademic/api/version1/sf?shr=t&amp;sfi=AC00NBGenSrch&amp;csi=164282</subfield></datafield><datafield ind1="4" ind2="1" tag="856"><subfield code="u">http://deseretnews.com/dn</subfield></datafield></record>